@article{DBLP:journals/joc/DobraunigEMS21,
  author       = {Christoph Dobraunig and
                  Maria Eichlseder and
                  Florian Mendel and
                  Martin Schl{\"{a}}ffer},
  title        = {Ascon v1.2: Lightweight Authenticated Encryption and Hashing},
  journal      = {J. Cryptol.},
  volume       = {34},
  number       = {3},
  pages        = {33},
  year         = {2021},
  url          = {https://doi.org/10.1007/s00145-021-09398-9},
  doi          = {10.1007/S00145-021-09398-9},
  timestamp    = {Mon, 05 Feb 2024 20:26:28 +0100},
  biburl       = {https://dblp.org/rec/journals/joc/DobraunigEMS21.bib},
  bibsource    = {dblp computer science bibliography, https://dblp.org}
}

@INPROCEEDINGS{AsconLoRa,
  author={Nooruddin, Mohammad and Valles, Damian},
  booktitle={2023 IEEE World AI IoT Congress (AIIoT)}, 
  title={An Advanced IoT Framework for Long Range Connectivity and Secure Data Transmission Leveraging LoRa and ASCON Encryption}, 
  year={2023},
  volume={},
  number={},
  pages={0583-0589},
  keywords={Temperature sensors;Temperature measurement;Microcontrollers;Encryption;Internet of Things;Received signal strength indicator;Data communication;IoT;LoRa;ASCON;ESP32;Raspberry Pi;Encryption;Hash;Authentication;Security;environmental sensors},
  doi={10.1109/AIIoT58121.2023.10174401}
}

@misc{NISTAsconAnnouncement,
    title={Announcing lightweight cryptography selection},
    url={https://csrc.nist.gov/news/2023/lightweight-cryptography-nist-selects-ascon},
    journal={CSRC},
    author={Computer Security Division, Information Technology Laboratory}, year={2023},
    month={Feb}
}

@INPROCEEDINGS{NuratchIIoT,
  author={Nuratch, Santi},
  booktitle={2017 12th IEEE Conference on Industrial Electronics and Applications (ICIEA)}, 
  title={The IIoT devices to cloud gateway design and implementation based on microcontroller for real-time monitoring and control in automation systems}, 
  year={2017},
  volume={},
  number={},
  pages={919-923},
  keywords={Logic gates;Protocols;Sensors;Actuators;Standards;Automation;Cloud computing;embedded system;industrial;internet of things;gateway;embedded;monitoring},
  doi={10.1109/ICIEA.2017.8282970}
}

@INPROCEEDINGS{SecurityIIoT,
  author={Nakamura, Emilio Tissato and Ribeiro, Sérgio Luís},
  booktitle={2018 Global Internet of Things Summit (GIoTS)}, 
  title={A Privacy, Security, Safety, Resilience and Reliability Focused Risk Assessment Methodology for IIoT Systems Steps to Build and Use Secure IIoT Systems}, 
  year={2018},
  volume={},
  number={},
  pages={1-6},
  keywords={Security;Risk management;Safety;Robot control;Privacy;Medical services;Risk;privacy;security;safety;methodology;IIoT},
  doi={10.1109/GIOTS.2018.8534521}
}
